<?xml version="1.0" encoding="UTF-8"?><collection xmlns="http://www.loc.gov/MARC21/slim"><record><leader>00437nam--2200157-i-4500</leader><controlfield tag="001">000013684</controlfield><controlfield tag="002">20161230</controlfield><controlfield tag="005">20161230201030</controlfield><controlfield tag="008">060222s1000------------r-----000-0-eng-d</controlfield><datafield ind1=" " ind2=" " tag="080"><subfield code="a">517.99O-62</subfield></datafield><datafield ind1=" " ind2=" " tag="100"><subfield code="a">Brezin Jonathan</subfield></datafield><datafield ind1=" " ind2=" " tag="245"><subfield code="a">Harmonic analysis on compact solvmanifolds</subfield></datafield><datafield ind1=" " ind2=" " tag="260"><subfield code="a">Berlin, Springer - Verlag, 1977 V + 177 P</subfield></datafield><datafield ind1=" " ind2=" " tag="490"><subfield code="a">Lecture Notes In Mathematics</subfield></datafield><datafield ind1=" " ind2=" " tag="852"><subfield code="a">49145</subfield><subfield code="c">517.9</subfield></datafield><datafield ind1=" " ind2=" " tag="CAT"><subfield code="a">Sys</subfield><subfield code="c">20090323</subfield><subfield code="h">090034</subfield></datafield></record></collection>